<?xml version="1.0" encoding="UTF-8"?><record xmlns="http://www.loc.gov/MARC21/slim" xmlns:cinclude="http://apache.org/cocoon/include/1.0" xmlns:zs="http://www.loc.gov/zing/srw/">
  <leader>00409nz  a2200121n  4500</leader>
  <controlfield tag="001">n  87108043 </controlfield>
  <controlfield tag="003">DLC</controlfield>
  <controlfield tag="005">19870701122046.2</controlfield>
  <controlfield tag="008">870701n| acannaab|          |n aad |||  </controlfield>
  <datafield tag="010" ind1=" " ind2=" ">
    <subfield code="a">n  87108043 </subfield>
  </datafield>
  <datafield tag="040" ind1=" " ind2=" ">
    <subfield code="a">DLC</subfield>
    <subfield code="c">DLC</subfield>
    <subfield code="d">DLC</subfield>
  </datafield>
  <datafield tag="100" ind1="1" ind2="0">
    <subfield code="a">Entenman, George Lynn,</subfield>
    <subfield code="d">1942-</subfield>
  </datafield>
  <datafield tag="670" ind1=" " ind2=" ">
    <subfield code="a">nuc87-61069: His The development of nasal vowels [MI] 1976</subfield>
    <subfield code="b">(hdg. on OU rept.: Entenman, George Lynn, 1942- ; usage: George Lynn Entenman)</subfield>
  </datafield>
</record>